<record><leader>00000cas a2200000 a 4500</leader><controlfield tag="001">12091471</controlfield><controlfield tag="008">850529d19251929ksumr ne      0    0eng d</controlfield><datafield ind1=" " ind2=" " tag="010"><subfield code="a">sn 85029215 </subfield></datafield><datafield ind1=" " ind2=" " tag="040"><subfield code="a">KSH</subfield><subfield code="b">eng</subfield><subfield code="c">KSH</subfield><subfield code="d">NPT</subfield><subfield code="d">OCL</subfield><subfield code="d">OCLCQ</subfield></datafield><datafield ind1=" " ind2=" " tag="042"><subfield code="a">msc</subfield></datafield><datafield ind1="0" ind2=" " tag="130"><subfield code="a">Golden rule (Lansing, Kan.)</subfield></datafield><datafield ind1="1" ind2="4" tag="245"><subfield code="a">The golden rule.</subfield></datafield><datafield ind1=" " ind2=" " tag="260"><subfield code="a">Lansing, Kan. :</subfield><subfield code="b">Inmates of the Kansas State Penitentiary,</subfield><subfield code="c">1925-1929.</subfield></datafield><datafield ind1=" " ind2=" " tag="300"><subfield code="a">4 v. :</subfield><subfield code="b">ill. ;</subfield><subfield code="c">23-33 cm.</subfield></datafield><datafield ind1=" " ind2=" " tag="310"><subfield code="a">Monthly</subfield></datafield><datafield ind1="0" ind2=" " tag="362"><subfield code="a">Vol. 14, no. 5 (May 1925)-v. 18, no. 4 (Apr. 1929).</subfield></datafield><datafield ind1=" " ind2=" " tag="521"><subfield code="a">"Devoted to the best interests of prisoners throughout the United States."</subfield></datafield><datafield ind1=" " ind2=" " tag="580"><subfield code="a">Continued by the periodical: Golden rule.</subfield></datafield><datafield ind1=" " ind2=" " tag="752"><subfield code="a">United States</subfield><subfield code="b">Kansas</subfield><subfield code="c">Leavenworth</subfield><subfield code="d">Lansing.</subfield></datafield><datafield ind1="0" ind2="0" tag="780"><subfield code="t">Square deal (Lansing, Kan.)</subfield><subfield code="w">(DLC)sn 85029208</subfield></datafield><datafield ind1="1" ind2="0" tag="785"><subfield code="t">Golden rule</subfield></datafield></record>